<record><leader>00000cas a22000007a 4500</leader><controlfield tag="001">16402570</controlfield><controlfield tag="008">870807u1985uuuuinuuu ne      0    0eng d</controlfield><datafield ind1=" " ind2=" " tag="010"><subfield code="a">sn 87056461 </subfield></datafield><datafield ind1=" " ind2=" " tag="040"><subfield code="a">NPI</subfield><subfield code="b">eng</subfield><subfield code="c">NPI</subfield><subfield code="d">OCLCQ</subfield></datafield><datafield ind1=" " ind2=" " tag="042"><subfield code="a">msc</subfield></datafield><datafield ind1="0" ind2="0" tag="245"><subfield code="a">Keystone Av. corridor news.</subfield></datafield><datafield ind1="3" ind2="0" tag="246"><subfield code="a">Keyston corridor news</subfield></datafield><datafield ind1=" " ind2=" " tag="260"><subfield code="a">Indianapolis, Ind. :</subfield><subfield code="b">X/O Pub.,</subfield><subfield code="c">1985-</subfield></datafield><datafield ind1="0" ind2=" " tag="362"><subfield code="a">[Vol. 1, no. 1] (Sept. 6th-19th, [1985])-</subfield></datafield><datafield ind1=" " ind2=" " tag="515"><subfield code="a">First issue lacks numeric designation.</subfield></datafield><datafield ind1=" " ind2=" " tag="752"><subfield code="a">United States</subfield><subfield code="b">Indiana</subfield><subfield code="c">Marion</subfield><subfield code="d">Indianapolis.</subfield></datafield><datafield ind1="1" ind2=" " tag="029"><subfield code="a">AU@</subfield><subfield code="b">000025827936</subfield></datafield></record>